@article{kolesnikov2016,
  author = {Alexander Kolesnikov and Christoph H. Lampert},
  title = {Seed, Expand and Constrain: Three Principles
for Weakly-Supervised Image Segmentation},
  year = {2016},
  url = {http://arxiv.org/pdf/1603.06098v3.pdf}
}

@article{Oquab,
author = {Maxime Oquab, Leon Bottou, Ivan Laptev, Josef Sivic},
title = {Is object localization for free? –
Weakly-supervised learning with convolutional neural networks},
year = {2015},
url = {http://www.di.ens.fr/~josef/publications/Oquab15.pdf}
}

@article{sharada2016plants,
  title={Using Deep Learning for Image-Based Plant Disease Detection.},
  author={Sharada Prasanna Mohanty, David Hughes, Marcel Salathé},
  year={2016}
}


